<record><leader>00000cas a22000007a 4500</leader><controlfield tag="001">13993292</controlfield><controlfield tag="008">860731d19641971inuwr ne      0    0eng d</controlfield><datafield ind1=" " ind2=" " tag="010"><subfield code="a">sn 86058695 </subfield></datafield><datafield ind1=" " ind2=" " tag="040"><subfield code="a">NPI</subfield><subfield code="b">eng</subfield><subfield code="c">NPI</subfield><subfield code="d">OCLCQ</subfield></datafield><datafield ind1=" " ind2=" " tag="042"><subfield code="a">msc</subfield></datafield><datafield ind1="0" ind2="4" tag="245"><subfield code="a">The Tri-city journal.</subfield></datafield><datafield ind1=" " ind2=" " tag="260"><subfield code="a">Yorktown, Ind. :</subfield><subfield code="b">Philip L. Parkinson,</subfield><subfield code="c">1964-1971.</subfield></datafield><datafield ind1=" " ind2=" " tag="300"><subfield code="a">v. :</subfield><subfield code="b">ill. ;</subfield><subfield code="c">44 cm.</subfield></datafield><datafield ind1=" " ind2=" " tag="310"><subfield code="a">Weekly</subfield></datafield><datafield ind1="0" ind2=" " tag="362"><subfield code="a">Vol. 4, no. 37 (Apr. 2, 1964)-v. 13, no. 42 (June 24, 1971).</subfield></datafield><datafield ind1=" " ind2=" " tag="500"><subfield code="a">"Serving Yorktown, Daleville, Chesterfield."</subfield></datafield><datafield ind1=" " ind2=" " tag="500"><subfield code="a">Democratic.</subfield></datafield><datafield ind1=" " ind2=" " tag="752"><subfield code="a">United States</subfield><subfield code="b">Indiana</subfield><subfield code="c">Delaware</subfield><subfield code="d">Yorktown.</subfield></datafield><datafield ind1=" " ind2=" " tag="752"><subfield code="a">United States</subfield><subfield code="b">Indiana</subfield><subfield code="c">Madison.</subfield></datafield><datafield ind1="0" ind2="0" tag="780"><subfield code="t">Adventure (Yorktown, Ind.)</subfield><subfield code="w">(DLC)sn 86058694</subfield></datafield><datafield ind1="0" ind2="0" tag="785"><subfield code="t">Journal (Yorktown, Ind.)</subfield><subfield code="w">(DLC)sn 86058696</subfield></datafield></record>